@inproceedings{norell:deptyped,
author = {Norell, Ulf},
year = {2009},
month = {01},
title = {Dependently Typed Programming in Agda},
journal = {TLDI 2009},
doi = {10.1007/978-3-642-04652-0_5}
}

@book{10.1145/2841316,
author = {Stump, Aaron},
title = {Verified Functional Programming in Agda},
year = {2016},
isbn = {9781970001273},
publisher = {Association for Computing Machinery and Morgan and Claypool}
}

@Book{plfa2019,
  author = {Philip Wadler and Wen Kokke},
  title  = {Programming Language Foundations in {A}gda},
  note   = {Available at \url{http://plfa.inf.ed.ac.uk/}},
  year   = 2019,
}

@misc{AgdaReadTheDocs,
  title = {{Agda Read the Docs}},
  howpublished = {\url{https://agda.readthedocs.io/en/v2.6.0.1/overview.html}},
  note = {Accessed: 2020-02-23}
}

@article{DBLP:journals/corr/Eisenberg16,
  author    = {Richard A. Eisenberg},
  title     = {Dependent Types in Haskell: Theory and Practice},
  journal   = {CoRR},
  volume    = {abs/1610.07978},
  year      = {2016},
  url       = {http://arxiv.org/abs/1610.07978},
  archivePrefix = {arXiv},
  eprint    = {1610.07978},
  timestamp = {Mon, 13 Aug 2018 16:47:17 +0200},
  biburl    = {https://dblp.org/rec/journals/corr/Eisenberg16.bib},
  bibsource = {dblp computer science bibliography, https://dblp.org}
}

@article{10.1145/3299711.3242756,
author = {Vazou, Niki and Breitner, Joachim and Kunkel, Rose and Van Horn, David and Hutton, Graham},
title = {Theorem Proving for All: Equational Reasoning in Liquid Haskell (Functional Pearl)},
year = {2018},
issue_date = {December 2018},
publisher = {Association for Computing Machinery},
address = {New York, NY, USA},
volume = {53},
number = {7},
issn = {0362-1340},
url = {https://doi.org/10.1145/3299711.3242756},
doi = {10.1145/3299711.3242756},
journal = {SIGPLAN Not.},
month = sep,
pages = {132â€“144},
numpages = {13},
keywords = {theorem proving, Haskell, program optimization, equational reasoning, Liquid Haskell}
}


@article{DBLP:journals/corr/abs-1711-03842,
  author    = {Niki Vazou and
               Anish Tondwalkar and
               Vikraman Choudhury and
               Ryan G. Scott and
               Ryan R. Newton and
               Philip Wadler and
               Ranjit Jhala},
  title     = {Refinement Reflection: Complete Verification with {SMT}},
  journal   = {CoRR},
  volume    = {abs/1711.03842},
  year      = {2017},
  url       = {http://arxiv.org/abs/1711.03842},
  archivePrefix = {arXiv},
  eprint    = {1711.03842},
  timestamp = {Mon, 13 Aug 2018 16:47:19 +0200},
  biburl    = {https://dblp.org/rec/journals/corr/abs-1711-03842.bib},
  bibsource = {dblp computer science bibliography, https://dblp.org}
}

@misc{JDK5,
  title = {{JDK 5.0 Java Programming Language-related APIS {\&} Developer Guides}},
  howpublished = {\url{https://docs.oracle.com/javase/1.5.0/docs/guide/language/index.html}},
  note = {Accessed: 2020-03-11}
}

@misc{dotnet20,
  title = {{Final official version of .NET Framework 2.0 is available for download!}},
  howpublished = {\url{https://docs.microsoft.com/en-us/archive/blogs/astebner/final-official-version-of-net-framework-2-0-is-available-for-download}},
  note = {Accessed: 2020-03-11}
}

@misc{AgdaReadTheDocsStructure,
  title = {{Lexical Structure - Agda 2.5.2 documentation}},
  howpublished = {\url{https://agda.readthedocs.io/en/v2.5.2/language/lexical-structure.html}},
  note = {Accessed: 2020-03-11}
}